
@book{hist_plastics,
	address = {New Brunswick, N.J.},
	title = {American plastic: a cultural history},
	publisher = {Rutgers University Press},
	author = {Meikle, Jeffrey L.},
	year = {1995}
}

@book{plastic_packaging,
	address = {Weinheim ; Chichester},
	edition = {2nd ed.},
	title = {Plastic packaging: interactions with food and pharmaceuticals},
	publisher = {Wiley-VCH},
	author = {{O. -G. (Otto G.) Piringer} and {A. L. (Albert Lawrence) Baner} and {Wiley InterScience}},
	year = {2008} }

@book{pl_en,
	title = {Plastics and the environment},
	publisher = {Wiley-Interscience},
	author = {Anthony L. Andrady},
	year = {2003} }

@article{ehn,
	title = {The environmental toll of plastics},
    author = {Pete Myers},
    year = {2012},
    publisher = {Environmental Health News}
}

@misc{noauthor_how_nodate,
	title = {How {Plastics} {Are} {Made}},
	url = {https://plastics.americanchemistry.com/How-Plastics-Are-Made/},
	urldate = {2017-03-15},
	file = {How Plastics Are Made:/home/jayr/.mozilla/firefox/yjp55910.default/zotero/storage/DD7SRU4R/How-Plastics-Are-Made.html:text/html}
}

@misc{what_plastics,
	title = {What are Plastics?},
	url = {https://www.plasticsmakeitpossible.com/about-plastics/types-of-plastics/what-are-plastics/},
	abstract = {So where do plastics come fromâ€¦and just what are they?},
	urldate = {2017-03-15},
	journal = {Plastics Make It Possible},
	author = {Plastic, Professor},
	month = jun,
	year = {2011},
	file = {Snapshot:/home/jayr/.mozilla/firefox/yjp55910.default/zotero/storage/73WPZGUR/what-are-plastics.html:text/html}
}

@misc{biodiverse,
	title = {Ocean Plastics Pollution},
    publisher = {Biological Diversity},
    author = {Chris Johnson},
    year = {2016}
}

@book{assembly_of_life_sciences_drinking_1981,
	address = {Washington},
	title = {Drinking Water and Health},
	publisher = {National Academies Press},
	author = {Assembly of Life Sciences, National Research Council and Assembly of Life Sciences, National Research Council Corporate Author},
	year = {1981}
}

@article{nature,
	title = {Classify plastic waste as hazardous: policies for managing plastic debris are outdated and threaten the health of people and wildlife.({COMMENT})},
	volume = {494},
	number = {7436},
	journal = {Nature},
	author = {Rochman, Chelsea M. and Browne, Mark Anthony},
	year = {2013},
	pages = {169}
}

@misc{eia,
    author = {EIA},
    year = {2015},
	title = {How much oil is used to make plastic?},
	url = {https://www.eia.gov/tools/faqs/faq.cfm?id=34\&t=6}
}

@misc{super,
	title = {Plastic Decay Rates},
    author = {David Carl},
	url = {http://cmore.soest.hawaii.edu/cruises/super/biodegradation.htm}
}

@article{long_term,
	title = {Long-term field measurement of sorption of organic contaminants to five types of plastic pellets: implications for plastic marine debris},
	volume = {47},
	number = {3},
	journal = {Environmental science \& technology},
	author = {Rochman, Chelsea M. and Hoh, Eunha and Hentschel, Brian T. and Kaye, Shawn},
	year = {2013},
	pages = {1646--54}
}

@misc{noauthor_environmental_nodate-1,
	title = {Environmental Impacts of Dams},
	url = {https://www.internationalrivers.org/environmental-impacts-of-dams},
	journal = {International Rivers}
}
