@article{dd,
	title = {The Downside of Dams},
	url = {https://www.scientificamerican.com/article/how-do-dams-hurt-rivers/},
	journal = {Scientific American},
    year = {2014}
}

@book{dec_eco,
	address = {Minneapolis},
	series = {Wildlife {Habitats}},
	title = {Eastern Deciduous Forest Ecology and Wildlife Conservation},
	publisher = {University of Minnesota Press},
	author = {Richard H. Yahner},
	year = {2000}
}

@article{temperate_deciduous,
	title = {Temperate Deciduous Forest : Mission: Biomes},
	url = {http://earthobservatory.nasa.gov/Experiments/Biome/biotemperate.php},
	year = {2017}
}

@article{population_deforrest,
	title = {Population and deforestation: why rural migration matters},
	volume = {33},
	number = {3},
	journal = {Progress in Human Geography},
	author = {Carr, David},
	year = {2009},
	pages = {355--378}
}

@article{green_central,
	title = {The Green of Central Maine : Image of the Day},
	url = {http://earthobservatory.nasa.gov/IOTD/view.php?id=80390},
	month = apr,
	year = {2008}
}

@article{starbuck_forest,
	title = {The {Forest} {Biome}},
	author = {Starbuck},
    year = {2013}
}


@misc{malus,
	title = {Adaptations - Malus domestica},
	url = {http://bioweb.uwlax.edu/bio203/s2012/paukert_ryan/adaptation.htm},
	urldate = {2017-03-15},
    year = {2016}
	author = {Paukert, Ryan}
}

@article{woodlice,
	title = {Do woodlice and earthworms interact synergistically in leaf litter decomposition?},
	volume = {19},
	number = {1},
	journal = {Functional Ecology},
	author = {Zimmer, Martin and Kautz, Guido and Topp, Werner},
	month = feb,
	year = {2005},
	pages = {7--16}
}
